@mastersthesis{keshaw,
    title    = {Reverse Engineering of Getter a Fission Product Release Code for PBMR},
    school   = {Potchefstroom campus, Northwest University},
    author   = {J.B. Keshaw},
    year     = {2007}, %other attributes omitted
}

@inproceedings{triac1,
	doi = {10.1088/1742-6596/1198/2/022035},
	url = {https://doi.org/10.1088%2F1742-6596%2F1198%2F2%2F022035},
	year = "2019",
	month = {apr},
	publisher = "{IOP} Publishing",
	volume = {1198},
	number = {2},
	pages = {022035},
	author = {A. A. Waskita and T. Setiadipura},
	title = "The development of {TRIAC}-{BATAN}: a triso fuel performance analysis code",
	journal = {Journal of Physics: Conference Series}
}

@article{kadak,
title = "A future for nuclear energy: pebble bed reactors",
journal = "Int. J. Critical Infrastructures",
volume = "1",
number = "4",
year = "2005",
author = "Andrew C. Kadak"
}

@article{JIANG2017107,
title = "A service-oriented architecture for coupling web service models using the Basic Model Interface (BMI)",
journal = "Environmental Modelling \& Software",
volume = "92",
number = "Supplement C",
pages = "107 - 118",
year = "2017",
issn = "1364-8152",
doi = "https://doi.org/10.1016/j.envsoft.2017.01.021",
url = "http://www.sciencedirect.com/science/article/pii/S1364815216311525",
author = "Peishi Jiang and Mostafa Elag and Praveen Kumar and Scott Dale Peckham and Luigi Marini and Liu Rui",
keywords = "Integrated modeling, Service-oriented architecture, The Basic Model Interface, EMELI-Web"
}

@article{VERFONDERN201484,
title = "Conclusions from V\&V studies on the German codes PANAMA and FRESCO for HTGR fuel performance and fission product release",
journal = "Nuclear Engineering and Design",
volume = "271",
number = "",
pages = "84 - 91",
year = "2014",
note = "SI : HTR 2012",
issn = "0029-5493",
doi = "http://dx.doi.org/10.1016/j.nucengdes.2013.11.015",
url = "http://www.sciencedirect.com/science/article/pii/S0029549313005992",
author = "K. Verfondern and J. Cao and T. Liu and H.-J. Allelein",
}

@techreport{report3,
	title="Analisis Dasar Subroutine Kalkulasi Konsentrasi Produk Fisi pada Program FRESCO-II",
	author="Bilal El Bari",
	year="2018",
	institution="PTKRN - BATAN",
	note = "Laporan Kerja Praktik",
}

@techreport{report2,
	title={FRESCO-II Verification and Validation},
	author={K. Verfondern and H. Nabielek},
	year={2012},
	institution="J\"{u}ulich Research Center, Germany",
}

@techreport{report1,
	title={The Mathematical Basis of the PANAMA-I Code for Modelling Pressure Vessel Failure of TRISO Coated Particles under Accident Conditions},
	author={K. Verfondern and H. Nabielek},
	year={1990},
	institution={Julich Research Center, Germany},
}

@misc{whitebox,
	title = "White-Box Testing",
	howpublished = "http://agile.csc.ncsu.edu/SEMaterials/WhiteBox.pdf",
	author = "Laurie Williams",
	note = {Accessed: 2016-03-15}
}

@ARTICLE{iso,
journal={ISO/IEC/IEEE 24765:2010(E)},
title={Systems and software engineering -- Vocabulary},
year={2010},
pages={1-418},
keywords={IEEE standards;ISO standards;software engineering;IEEE Computer Society;IEEE Standard Glossary of Software Engineering Terminology;IEEE Std 610.12-1990;International Standard;Project Management Institute;information technology field;systems engineering;Dictionaries;IEC standards;IEEE standards;ISO standards;Software engineering;computer;dictionary;information technology;software engineering;systems engineering;terminology;vocabulary},
doi={10.1109/IEEESTD.2010.5733835},
month={Dec},}
